@book{hansen2014fourier,
  title={Fourier Transforms: Principles and Applications},
  author={Hansen, E.W.},
  year={2014},
  publisher={Wiley}
}

@book{brunton_kutz_2019, 
place={Cambridge}, 
title={Data-Driven Science and Engineering: Machine Learning, Dynamical Systems, and Control}, 
DOI={10.1017/9781108380690},
publisher={Cambridge University Press}, 
author={Brunton, Steven L. and Kutz, J. Nathan}, 
year={2019}}

@article{cochran1967fast,
  title={What is the fast Fourier transform?},
  author={Cochran, William T and Cooley, James W and Favin, David L and Helms, Howard D and Kaenel, Reginald A and Lang, William W and Maling, George C and Nelson, David E and Rader, Charles M and Welch, Peter D},
  journal={Proceedings of the IEEE},
  volume={55},
  number={10},
  pages={1664--1674},
  year={1967},
  publisher={IEEE}
}

@misc{FAPflaum,
  Author = {Pflaum, Christoph},
  Institution = {Friedrich-Alexander University Erlangen-NÃ¼rnberg},
  Howpublished = {University Lecture},
  Year = {2020},
  Title = {Functional Analysis for Engineers}
}

@misc{Fouriertrans,
  author =   {Slawomir Bialy},
  title =    {Fourier unit pulse},
  howpublished = {\url{https://en.wikipedia.org/wiki/File:Fourier_unit_pulse.svg}},
month = {January},
day = 29,
  year =     2021
}


@article{Cooley1965AnAF,
  title={An algorithm for the machine calculation of complex Fourier series},
  author={J. Cooley and J. W. Tukey},
  journal={Mathematics of Computation},
  year={1965},
  volume={19},
  pages={297-301}
}
@misc{UCBDemmel,
  Author = {Demmel, Jim},
  Institution = {University of California, Berkeley},
  Howpublished = {University Lecture \url{https://drive.google.com/file/d/1R-tJerozDKQXaT9BxHXSam5R4VUxXWW8/view}},
  Year = {2020},
  Title = {CS267 Applications of Parallel Computing}
}
@article{fastMPI,
  title={Fast parallel multidimensional FFT using advanced MPI},
  author={Dalcin, Lisandro and Mortensen, Mikael and Keyes, David E.},
  journal={arXiv preprint arXiv:1804.09536},
  year={2018}
}
@misc{Ganapathiraju97acomparative,
    author = {Aravind Ganapathiraju and Jonathan Hamaker and Joseph Picone and Anthony Skjellum and Correspondence Aravind Ganapathiraju},
    title = {A Comparative Analysis Of FFT Algorithms},
    year = {1997}
}


@book{DSPA, 
place={Houston}, 
title={DSPA}, 
publisher={Calic J}, 
author={Baraniuk R.}, 
year={2010}}

@article{FFTW05,
  author = 	 {Frigo, Matteo and Johnson, Steven~G.},
  title = 	 {The Design and Implementation of {FFTW3}},
  journal = 	 {Proceedings of the IEEE},
  year = 	 2005,
  volume =	 93,
  number =	 2,
  pages =	 {216--231},
  note =	 {Special issue on ``Program Generation, Optimization, and Platform Adaptation''}
}

@InCollection{JohnsonFr08:burrus,
  author = 	 {Steven G. Johnson and Matteo Frigo},
  title = 	 {Implementing {FFT}s in Practice},
  booktitle = 	 {Fast Fourier Transforms},
  publisher = {Connexions},
  year = 	 2008,
  editor = 	 {C. Sidney Burrus},
  chapter = 	 11,
  address = 	 {Rice University, Houston TX},
  month = 	 {September},
  url = 	 {http://cnx.org/content/m16336/},
}

@InCollection{PFAWinogradBurrus,
  author = 	 {C. Sidney Burrus},
  title = 	 {The Prime Factor and Winograd Fourier Transform Algorithms},
  booktitle = 	 {Fast Fourier Transforms},
  publisher = {Connexions},
  year = 	 2008,
  editor = 	 {C. Sidney Burrus},
  chapter = 	 11,
  address = 	 {Rice University, Houston TX},
  month = 	 {September},
  url = 	 {http://cnx.org/content/m16336/},
}
@article{khokhriakov2018novel,
  title={Novel Model-based Methods for Performance Optimization of Multithreaded 2D Discrete Fourier Transform on Multicore Processors},
  author={Khokhriakov, Semyon and Reddy, Ravi and Lastovetsky, Alexey},
  journal={arXiv preprint arXiv:1808.05405},
  year={2018}
}
@INPROCEEDINGS{7532670,
  author={J. B. {Birdsong} and N. I. {Rummelt}},
  booktitle={2016 IEEE International Conference on Image Processing (ICIP)}, 
  title={The hexagonal fast fourier transform}, 
  year={2016},
  volume={},
  number={},
  pages={1809-1812},
  doi={10.1109/ICIP.2016.7532670}}

@misc{JuliaCon,
  author =   {Steven G. Johnson},
  title =    {JuliaCon 2019: Keynote: Professor Steven G. Johnson},
  howpublished = {\url{https://www.youtube.com/watch?t=2588&v=mSgXWpvQEHE&feature=youtu.be}},
month = {January},
day = 29,
  year =     2021
}

@misc{FFTWspeed,
  author =   {Steven G. Johnson},
  title =    {FFT Benchmark Results},
  howpublished = {\url{http://www.fftw.org/speed/}},
month = {January},
day = 29,
  year =     2021
}

@ARTICLE{57199,  author={I. {Daubechies}},  journal={IEEE Transactions on Information Theory},   title={The wavelet transform, time-frequency localization and signal analysis},   year={1990},  volume={36},  number={5},  pages={961-1005},  doi={10.1109/18.57199}}


@misc{Spectrogram,
  author =   {Kartik Chaudhary},
  title =    {Understanding Audio data, Fourier Transform, FFT and Spectrogram features for a Speech Recognition System},
  howpublished = {\url{https://towardsdatascience.com/understanding-audio-data-fourier-transform-fft-spectrogram-and-speech-recognition-a4072d228520}},
month = {January},
day = 31,
  year =     2021
}

@article{FFTTop10,
author = {Rockmore, D.N.},
year = {2000},
month = {02},
pages = {60 - 64},
title = {The FFT: An algorithm the whole family can use},
volume = {2},
journal = {Computing in Science and Engineering},
doi = {10.1109/5992.814659}
}

